@article{posen2021advances,
  title={Advances in Nb3Sn superconducting radiofrequency cavities towards first practical accelerator applications},
  author={Posen, Sam and Lee, Jaeyel and Seidman, David N and Romanenko, Alexander and Tennis, Brad and Melnychuk, OS and Sergatskov, DA},
  journal={Superconductor Science and Technology},
  volume={34},
  number={2},
  pages={025007},
  year={2021},
  publisher={IOP Publishing}
}

@article{lee2018atomic,
  title={Atomic-scale analyses of Nb3Sn on Nb prepared by vapor diffusion for superconducting radiofrequency cavity applications: a correlative study},
  author={Lee, Jaeyel and Posen, Sam and Mao, Zugang and Trenikhina, Yulia and He, Kai and Hall, Daniel L and Liepe, Matthias and Seidman, David N},
  journal={Superconductor Science and Technology},
  volume={32},
  number={2},
  pages={024001},
  year={2018},
  publisher={IOP Publishing}
}

@article{lee2020grain,
  title={Grain-boundary structure and segregation in Nb3Sn coatings on Nb for high-performance superconducting radiofrequency cavity applications},
  author={Lee, Jaeyel and Mao, Zugang and He, Kai and Spina, Tiziana and Baik, Sung-Il and Hall, Daniel L and Liepe, Matthias and Seidman, David N and Posen, Sam and others},
  journal={Acta Materialia},
  volume={188},
  pages={155--165},
  year={2020},
  publisher={Elsevier}
}

@article{sitaraman2021effect,
  title={Effect of the density of states at the Fermi level on defect free energies and superconductivity: A case study of Nb 3 Sn},
  author={Sitaraman, Nathan S and Kelley, Michelle M and Porter, Ryan D and Liepe, Matthias U and Arias, Tom{\'a}s A and Carlson, Jared and Pack, Alden R and Transtrum, Mark K and Sundararaman, Ravishankar},
  journal={Physical Review B},
  volume={103},
  number={11},
  pages={115106},
  year={2021},
  publisher={APS}
}

@inproceedings{porter2016surface,
  title={Surface roughness effect on the performance of Nb3Sn cavities},
  author={Porter, Ryan and Hall, Daniel Leslie and Liepe, Matthias and Maniscalco, JT and others},
  booktitle={Proc. LINAC},
  volume={16},
  year={2016}
}

@article{pudasaini2019growth,
  title={Growth of Nb3Sn coating in tin vapor-diffusion process},
  author={Pudasaini, Uttar and Eremeev, Grigory V and Angle, Jonathan W and Tuggle, Jay and Reece, Charles E and Kelley, Michael J},
  journal={Journal of Vacuum Science \& Technology A},
  volume={37},
  number={5},
  year={2019},
  publisher={AIP Publishing}
}

@article{becker2015analysis,
  title={Analysis of Nb3Sn surface layers for superconducting radio frequency cavity applications},
  author={Becker, Chaoyue and Posen, Sam and Groll, Nickolas and Cook, Russell and Schlep{\"u}tz, Christian M and Hall, Daniel Leslie and Liepe, Matthias and Pellin, Michael and Zasadzinski, John and Proslier, Thomas},
  journal={Applied Physics Letters},
  volume={106},
  number={8},
  year={2015},
  publisher={AIP Publishing}
}

@article{hall2017surface,
  title={Surface analysis of features seen on Nb3Sn sample coupons grown by vapour diffusion},
  author={Hall, Daniel Leslie and Arias, Tomas and Cueva, Paul and Liepe, Matthias and Maniscalco, James and Muller, David and Porter, Ryan and Sitaraman, Nathan and others},
  journal={Proceedings of IPAC 2017},
  year={2017}
}

@article{hall2016surface,
  title={Surface analysis studies of Nb3Sn thin films},
  author={Hall, Daniel Leslie and Kaufman, John Julian and Liepe, Matthias and Maniscalco, James and others},
  journal={Proceedings of IPAC 2016},
  year={2016}
}

@inproceedings{sun2019fast,
  title={Fast Sn-ion transport on Nb surface for generating NbxSn thin films and XPS depth profiling},
  author={Sun, Z and Liepe, M and Maniscalco, JT and Oseroff, T and Porter, RD and Zhang, D and Deng, X},
  booktitle={Proc. North American Particle Accelerator Conf.(NAPAC’19)},
  pages={727--730},
  year={2019}
}

@article{viklund2023three,
  title={Three-Dimensional Reconstruction of Nb 3 Sn Films by Focused Ion Beam Cross Sectional Microscopy},
  author={Viklund, E and Lee, J and Seidman, DN and Posen, S},
  journal={IEEE Transactions on Applied Superconductivity},
  volume={33},
  number={5},
  pages={1--4},
  year={2023},
  publisher={IEEE}
}

@inproceedings{pudasaini2018effect,
  title={Effect of deposition temperature and duration on Nb3Sn diffusion coating},
  author={Pudasaini, Uttar and Eremeev, Grigory and Reece, CE and Tuggle, J and Kelley, MJ},
  booktitle={Proc. 9th Int. Particle Accelerator Conf.(IPAC′ 18)},
  pages={3950--3953},
  year={2018}
}


@article{osti_4794153,
title = {COMPILATION OF X-RAY CROSS SECTIONS.},
author = {McMaster, W H and Del Grande, N K and Mallett, J H and Hubbell, J H},
abstractNote = {},
doi = {},
url = {https://www.osti.gov/biblio/4794153}, journal = {},
number = ,
volume = ,
place = {United States},
year = {1969},
month = {1}
}

@inproceedings{hu2019reducing,
  title={Reducing surface roughness of Nb3Sn through chemical polishing treatments},
  author={Hu, Hannah},
  booktitle={Conference on RF Superconductivity},
  year={2019}
}

@inproceedings{pudasaini2018studies,
  title={Studies of electropolishing and oxypolishing treated diffusion coated Nb3Sn surfaces},
  author={Pudasaini, U and Eremeev, G and Reece, C and Tuggle, J and Kelley, M},
  booktitle={Proc. 9th Int. Particle Accelerator Conf.(IPAC’18), Vancouver, Canada},
  pages={3954--3957},
  year={2018}
}